00574cas a22002291a 4500
001 9911680513502836
003 Nz
005 20160321151417.0
008 040105d19251940nz  r ne      0   0 eng d
035    $a (NLNZils)1168051
035    $a (Nz)8160111
035    $a (NLNZils)1168051-ilsdb
035    $a (OCoLC)173421620
040    $a WN $c WN
042    $a nznb
043    $a u-nz---
245 00 $a Kaponga courier.
260    $a Kaponga [N.Z.]
310    $a Weekly
362 0  $a 1925 Jan.?-1940 Mar.27
651  0 $a Kaponga (N.Z.) $v Newspapers.
655  7 $a New Zealand newspapers. $2 local $5 Nz
